<record xmlns="http://www.loc.gov/MARC21/slim" xmlns:xsi="http://www.w3.org/2001/XMLSchema-instance" xsi:schemaLocation="http://www.loc.gov/MARC21/slim http://www.loc.gov/standards/marcxml/schema/MARC21slim.xsd">

  <leader>00622nam a2200157Ia 4500</leader>
  <datafield tag="999" ind1=" " ind2=" ">
    <subfield code="c">2409</subfield>
    <subfield code="d">2409</subfield>
  </datafield>
  <controlfield tag="008">180918b2011    cr ||||| |||| 00| | spa d</controlfield>
  <datafield ind2=" " ind1=" " tag="090">
    <subfield code="a">Archivo #10</subfield>
  </datafield>
  <datafield ind2=" " ind1=" " tag="110">
    <subfield code="9">4252</subfield>
    <subfield code="a">Semanario Universidad</subfield>
  </datafield>
  <datafield ind2="0" tag="245" ind1="1">
    <subfield code="a">Suplemento especial del Semanario Universidad. Instituto de Investigación en Educación - 30 aniversario / </subfield>
    <subfield code="c">Semanario Universidad</subfield>
  </datafield>
  <datafield ind2=" " tag="260" ind1=" ">
    <subfield code="a">San José, Costa Rica : </subfield>
    <subfield code="b">Semanario Universidad, </subfield>
    <subfield code="c">2011</subfield>
  </datafield>
  <datafield ind2=" " ind1=" " tag="300">
    <subfield code="a">8 páginas</subfield>
  </datafield>
  <datafield ind2=" " tag="500" ind1=" ">
    <subfield code="a">Semanario Universidad, Suplemento especial. Edición No.1882 19 enero de 2011</subfield>
  </datafield>
  <datafield tag="610" ind1="1" ind2="0">
    <subfield code="9">153</subfield>
    <subfield code="a">INSTITUTO DE INVESTIGACIÓN EN EDUCACIÓN</subfield>
  </datafield>
  <datafield tag="942" ind1=" " ind2=" ">
    <subfield code="2">z</subfield>
    <subfield code="c">07</subfield>
  </datafield>
  <datafield ind2=" " tag="942" ind1=" ">
    <subfield code="2">z</subfield>
  </datafield>
</record>